@article{Rivest1978,
  author = {Rivest, R. and Shamir, A. and Adleman, L.},
  title = {A Method for Obtaining Digital Signatures and Public-Key Cryptosystems},
  journal = {Communications of the ACM},
  year = {1978},
  month = {February},
  volume = {21},
  number = {2},
  pages = {120-126},
  doi = {10.1145/359340.359342},
  citeseerx = {10.1.1.607.2677},
  s2cid = {2873616}
}

@online{Okta,
  author = {Okta},
  title = {RSA Encryption: Definition, Architecture, Benefits \& Use},
  year = {2025},
  url = {https://www.okta.com/identity-101/rsa-encryption/},
  urldate = {2025-03-23}
}

@online{SecureW2,
  author = {SecureW2},
  title = {Understanding RSA Asymmetric Encryption: How It Works},
  year = {2025},
  url = {https://www.securew2.com/blog/what-is-rsa-asymmetric-encryption},
  urldate = {2025-03-23}
}

@online{SoftwareDominos,
  author = {SoftwareDominos},
  title = {Understanding RSA: The Mathematics Behind Secure Encryption},
  year = {2025},
  url = {https://softwaredominos.com/home/software-engineering-and-computer-science/understanding-rsa-the-mathematics-behind-secure-encryption/},
  urldate = {2025-03-23}
}

@online{RSAWiki,
  author = {Wikipedia},
  title = {RSA problem},
  year = {2025},
  url = {https://en.wikipedia.org/wiki/RSA_problem},
  urldate = {2025-03-23}
}

@online{ODUCommons,
  author = {ODU Digital Commons},
  title = {The Vulnerabilities to the RSA Algorithm and Future Alternative Algorithms to Improve Security},
  year = {2025},
  url = {https://digitalcommons.odu.edu/cgi/viewcontent.cgi?article=1081&context=covacci-undergraduateresearch},
  urldate = {2025-03-23}
}

@online{AuthoreaImplementation,
  author = {Authorea},
  title = {Implementation and Analysis of Shor's Algorithm to Break RSA Cryptosystem Security},
  year = {2025},
  url = {https://www.authorea.com/users/708580/articles/693052-implementation-and-analysis-of-shor-s-algorithm-to-break-rsa-cryptosystem-security},
  urldate = {2025-03-23}
}

@online{SpinQShor,
  author = {SpinQ},
  title = {How Shor's Algorithm Breaks RSA: A Quantum Computing Guide},
  year = {2025},
  url = {https://www.spinquanta.com/news-detail/shors-algorithm},
  urldate = {2025-03-23}
}

@online{GeeksForGeeks,
  author = {GeeksforGeeks},
  title = {RSA Algorithm in Cryptography},
  year = {2025},
  url = {https://www.geeksforgeeks.org/rsa-algorithm-cryptography/},
  urldate = {2025-03-23}
}

@online{SplunkRSA,
  author = {Splunk},
  title = {RSA Algorithm in Cryptography: Rivest Shamir Adleman Explained},
  year = {2025},
  url = {https://www.splunk.com/en_us/blog/learn/rsa-algorithm-cryptography.html},
  urldate = {2025-03-23}
}

@online{TechRxivImplementation,
  author = {TechRxiv},
  title = {Implementation and Analysis of Shor's Algorithm to Break RSA Cryptosystem Security},
  year = {2025},
  url = {https://www.techrxiv.org/users/708580/articles/693052/master/file/data/RESERCH%20FINAL/RESERCH%20FINAL.pdf},
  urldate = {2025-03-23}
}

@online{ResearchGateImplementation,
  author = {ResearchGate},
  title = {Implementation and Analysis of Shor's Algorithm to Break RSA Cryptosystem Security},
  year = {2025},
  url = {https://www.researchgate.net/publication/377245624_Implementation_and_Analysis_of_Shor's_Algorithm_to_Break_RSA_Cryptosystem_Security},
  urldate = {2025-03-23}
}

@online{CatoNetworks,
  author = {Cato Networks},
  title = {Is the Recent Quantum Hype by Google Willow's Chip a Threat to RSA Algorithm?},
  year = {2025},
  url = {https://www.catonetworks.com/blog/is-recent-quantum-hype-by-google-willows-chip-a-threat-to-rsa-algorithm/},
  urldate = {2025-03-23}
}

@online{BTQHowFar,
  author = {BTQ},
  title = {How Far Away Is The Quantum Threat?},
  year = {2025},
  url = {https://www.btq.com/blog/how-far-away-is-the-quantum-threat},
  urldate = {2025-03-23}
}

@online{FreemindtronicRSA,
  author = {Freemindtronic},
  title = {Quantum computing RSA encryption: a threat and a solution},
  year = {2025},
  url = {https://freemindtronic.com/quantum-computing-rsa-encryption-freemindtronic-nfc-technology/},
  urldate = {2025-03-23}
}

@online{PaloAltoNetworks,
  author = {Palo Alto Networks},
  title = {What Is Quantum Computing's Threat to Cybersecurity?},
  year = {2025},
  url = {https://www.paloaltonetworks.com/cyberpedia/what-is-quantum-computings-threat-to-cybersecurity},
  urldate = {2025-03-23}
}

@online{IBMCommunity,
  author = {IBM Community},
  title = {How many Number of qubits required for decryption},
  year = {2025},
  url = {https://community.ibm.com/community/user/ai-datascience/discussion/how-many-number-of-qubits-required-for-decryption},
  urldate = {2025-03-23}
}

@online{SectigoConcerns,
  author = {Sectigo},
  title = {Quantum computing concerns \& positive impacts},
  year = {2025},
  url = {https://www.sectigo.com/resource-library/quantum-computing-concerns-positive-impacts},
  urldate = {2025-03-23}
}

@online{NISTPQC,
  author = {NIST Computer Security Resource Center},
  title = {Post-Quantum Cryptography},
  year = {2025},
  url = {https://csrc.nist.gov/projects/post-quantum-cryptography},
  urldate = {2025-03-23}
}

@online{NISTStandardization,
  author = {Wikipedia},
  title = {NIST Post-Quantum Cryptography Standardization},
  year = {2025},
  url = {https://en.wikipedia.org/wiki/NIST_Post-Quantum_Cryptography_Standardization},
  urldate = {2025-03-23}
}

@online{GooglePQC,
  author = {Google Online Security Blog},
  title = {Post-Quantum Cryptography: Standards and Progress},
  year = {2024},
  url = {https://security.googleblog.com/2024/08/post-quantum-cryptography-standards.html},
  urldate = {2025-03-23}
}